%% This BibTeX bibliography file was created using BibDesk.
%% http://bibdesk.sourceforge.net/


%% Created for Willi Sch√∂nborn at 2012-07-10 19:02:00 +0200 


%% Saved with string encoding Unicode (UTF-8) 



@url{OSGI,
	Date-Added = {2012-07-10 16:20:24 +0000},
	Date-Modified = {2012-07-10 16:21:19 +0000},
	Title = {OSGi Alliance Specifications},
	Url = {http://www.osgi.org/Specifications/HomePage},
	Urldate = {2012-07-10}}

@booklet{SSB,
	Author = {Pat O'Neil and Betty O'Neil and Xuedong Chen},
	Date-Added = {2012-07-10 15:54:00 +0000},
	Date-Modified = {2012-07-10 16:15:38 +0000},
	Month = {5},
	Title = {Star Schema Benchmark},
	Url = {http://www.cs.umb.edu/~poneil/StarSchemaB.PDF},
	Urldate = {2012-07-10},
	Year = {2009}}

@url{TCPH,
	Date-Added = {2012-07-10 15:49:55 +0000},
	Date-Modified = {2012-07-10 16:15:19 +0000},
	Title = {The TPC Benchmark\texttrademark H},
	Url = {http://www.tpc.org/tpch/},
	Urldate = {2012-07-10}}
